<record><leader>00000cas a22000007a 4500</leader><controlfield tag="001">11951392</controlfield><controlfield tag="008">850423d1871187unyuwr ne      0    0eng d</controlfield><datafield ind1=" " ind2=" " tag="010"><subfield code="a">sn 85025862 </subfield></datafield><datafield ind1=" " ind2=" " tag="040"><subfield code="a">NPX</subfield><subfield code="b">eng</subfield><subfield code="c">NPX</subfield><subfield code="d">NYS</subfield><subfield code="d">OCLCQ</subfield></datafield><datafield ind1=" " ind2=" " tag="042"><subfield code="a">msc</subfield></datafield><datafield ind1="0" ind2=" " tag="130"><subfield code="a">Angelica Republican (Angelica, N.Y. : 1871)</subfield></datafield><datafield ind1="1" ind2="0" tag="245"><subfield code="a">Angelica Republican.</subfield></datafield><datafield ind1=" " ind2=" " tag="260"><subfield code="a">Angelica, Allegany County, N.Y. :</subfield><subfield code="b">P.S. Norris</subfield></datafield><datafield ind1=" " ind2=" " tag="300"><subfield code="a">v.</subfield></datafield><datafield ind1=" " ind2=" " tag="310"><subfield code="a">Weekly</subfield></datafield><datafield ind1="1" ind2=" " tag="362"><subfield code="a">Began with Dec. 22, 1871 issue.</subfield><subfield code="z">Cf. Faibisoff, S.G. Bibl. of newspapers in 14 N.Y. counties.</subfield></datafield><datafield ind1=" " ind2=" " tag="500"><subfield code="a">Publishers: P.S. Norris, &lt;1873&gt;; Phillips &amp; Clark, &lt;1876&gt;.</subfield></datafield><datafield ind1=" " ind2=" " tag="500"><subfield code="a">Editors: P.S. Norris, &lt;1873&gt;; S.H. Clark, &lt;1876&gt;.</subfield></datafield><datafield ind1=" " ind2=" " tag="500"><subfield code="a">Printed at the office of: Allegany County reporter, &lt;June 16,&gt; 1876.</subfield></datafield><datafield ind1=" " ind2=" " tag="500"><subfield code="a">Republican. Cf. Faibisoff, S.G. bibliography of newspapers in 14 N.Y. counties.</subfield></datafield><datafield ind1=" " ind2=" " tag="588"><subfield code="a">Description based on: Vol. 2, no. 45 (Oct. 24, 1873).</subfield></datafield><datafield ind1=" " ind2="4" tag="651"><subfield code="a">Angelica (N.Y.)</subfield><subfield code="v">Newspapers.</subfield></datafield><datafield ind1=" " ind2=" " tag="752"><subfield code="a">United States</subfield><subfield code="b">New York</subfield><subfield code="c">Allegany</subfield><subfield code="d">Angelica.</subfield></datafield><datafield ind1="0" ind2="5" tag="780"><subfield code="t">Andover citizen (Andover, N.Y.)</subfield><subfield code="g">1876</subfield><subfield code="w">(DLC)sn 85025861</subfield></datafield><datafield ind1="1" ind2=" " tag="029"><subfield code="a">AU@</subfield><subfield code="b">000020377576</subfield></datafield></record>